@inproceedings{immutability,
  author = {Michael Coblenz and Joshua Sunshine and Jonathan Aldrich and Brad Myers and Sam Weber and Forrest Shull},
  pages = {736--747},
  title = {Exploring Language Support for Immutability},
  year = {2016},
  publisher = {IEEE/ACM},
  booktitle = {Proceedings of the 38th International Conference on Software Engineering (ICSE)},
  doi = {10.1145/2884781.2884798}
}