@book{lang-immutability,
  author = {Michael Coblenz and Joshua Sunshine Jonathan Aldrich and Brad Myers and Sam Weber and Forrest Shull},
  year = {2016},
  title = {Exploring Language Support for Immutability},
  publisher = {Addison Wesley},
  address = {Massachusetts},
  edition = {2},
  pages = {736--747}

}